@article{XUE2018,
title = "Predicting ICU readmission using grouped physiological and medication trends",
journal = "Artificial Intelligence in Medicine",
year = "2018",
author = "Ye Xue and Diego Klabjan and Yuan Luo",
}
@article{johnson2016mimic,
  title={MIMIC-III, a freely accessible critical care database},
  author={Johnson, Alistair EW and Pollard, Tom J and Shen, Lu and Li-wei, H Lehman and Feng, Mengling and Ghassemi, Mohammad and Moody, Benjamin and Szolovits, Peter and Celi, Leo Anthony and Mark, Roger G},
  journal={Scientific data},
  volume={3},
  pages={160035},
  year={2016},
  publisher={Nature Publishing Group}
}

@book{witten2016data,
  address = {Burlington},
  title={Data Mining: Practical machine learning tools and techniques},
  author={Witten, Ian H and Frank, Eibe and Hall, Mark A and Pal, Christopher J},
  year={2016},
  publisher={Morgan Kaufmann},
}

@inproceedings{curto2016predicting,
  title={Predicting ICU readmissions based on bedside medical text notes},
  author={Curto, S{\'e}rgio and Carvalho, Joao P and Salgado, C{\'a}tia and Vieira, Susana M and Sousa, Jo{\~a}o MC},
  booktitle={2016 IEEE International Conference on Fuzzy Systems},
  pages={2144--2151},
  year={2016},
  organization={IEEE}
}

@article{Brown2013,
   author = {Brown, S. E. and Ratcliffe, S. J. and Halpern, S. D.},
   title = {An empirical derivation of the optimal time interval for defining ICU readmissions},
   journal = {Med Care},
   volume = {51},
   number = {8},
   pages = {706-714},
    year = {2013},
   type = {Journal Article}
}

@article {Desautelse017199,
	author = {Desautels, Thomas and Das, Ritankar and Calvert, Jacob and Trivedi, Monica and Summers, Charlotte and Wales, David J and Ercole, Ari},
	title = {Prediction of early unplanned intensive care unit readmission in a UK tertiary care hospital: a cross-sectional machine learning approach},
	volume = {7},
	number = {9},
	year = {2017},
		publisher = {British Medical Journal Publishing Group},
	journal = {BMJ Open}
}


%%https://github.com/YaronBlinder/MIMIC-III_readmission/blob/master/Report.pdf


@article{choi2016learning,
  title={Learning low-dimensional representations of medical concepts},
  author={Choi, Youngduck and Chiu, Chill Yi-I and Sontag, David},
  journal={AMIA Summits on Translational Science Proceedings},
  volume={2016},
  pages={41},
  year={2016},
  publisher={American Medical Informatics Association}
}

@article{Lin2018,
	author = {Lin, Yu-Wei and Zhou, Yuqian and Faghri, Faraz and Shaw, Michael J and Campbell, Roy H},
	title = {Analysis and Prediction of Unplanned Intensive Care Unit Readmission using Recurrent Neural Networks with Long Short-Term Memory},
	elocation-id = {385518},
	year = {2018},
	doi = {10.1101/385518},
	publisher = {Cold Spring Harbor Laboratory},
	journal = {bioRxiv}
}


@article{lipton2015learning,
  title={Learning to diagnose with LSTM recurrent neural networks},
  author={Lipton, Zachary C and Kale, David C and Elkan, Charles and Wetzel, Randall},
  journal={arXiv preprint arXiv:1511.03677},
  year={2015}}
@article{xiao2018readmission,
  title={Readmission prediction via deep contextual embedding of clinical concepts},
  author={Xiao, Cao and Ma, Tengfei and Dieng, Adji B and Blei, David M and Wang, Fei},
  journal={PloS one},
  volume={13},
  number={4},
  pages={e0195024},
  year={2018},
  publisher={Public Library of Science}
}
@article{ranganath2016deep,
  title={Deep survival analysis},
  author={Ranganath, Rajesh and Perotte, Adler and Elhadad, No{\'e}mie and Blei, David},
  journal={arXiv preprint arXiv:1608.02158},
  year={2016}
}
@inproceedings{zebin2018human,
  title={Human activity recognition from inertial sensor time-series using batch normalized deep LSTM recurrent networks},
  author={Zebin, Tahmina and Sperrin, Matthew and Peek, Niels and Casson, Alexander J},
  booktitle={2018 40th Annual International Conference of the IEEE Engineering in Medicine and Biology Society (EMBC)},
  pages={1--4},
  year={2018},
  organization={IEEE}
}
@article{mobley2000predictions,
  title={Predictions of coronary artery stenosis by artificial neural network},
  author={Mobley, Bert A and Schechter, Eliot and Moore, William E and McKee, Patrick A and Eichner, June E},
  journal={Artificial intelligence in medicine},
  volume={18},
  number={3},
  pages={187--203},
  year={2000},
  publisher={Elsevier}
}
@inproceedings{caballero2015dynamically,
  title={Dynamically modeling patient's health state from electronic medical records: A time series approach},
  author={Caballero Barajas, Karla L and Akella, Ram},
  booktitle={Proceedings of the 21th ACM SIGKDD International Conference on Knowledge Discovery and Data Mining},
  pages={69--78},
  year={2015},
  organization={ACM}
}
@inproceedings{ghassemi2015multivariate,
  title={A Multivariate Timeseries Modeling Approach to Severity of Illness Assessment and Forecasting in ICU with Sparse, Heterogeneous Clinical Data.},
  author={Ghassemi, Marzyeh and Pimentel, Marco AF and Naumann, Tristan and Brennan, Thomas and Clifton, David A and Szolovits, Peter and Feng, Mengling},
  booktitle={AAAI},
  pages={446--453},
  year={2015}
}
@article{celi2012database,
  title={A database-driven decision support system: customized mortality prediction},
  author={Celi, Leo Anthony and Galvin, Sean and Davidzon, Guido and Lee, Joon and Scott, Daniel and Mark, Roger},
  journal={Journal of personalized medicine},
  volume={2},
  number={4},
  pages={138--148},
  year={2012},
  publisher={Molecular Diversity Preservation International}}

@inproceedings{caruana1996using,
  title={Using the future to" sort out" the present: Rankprop and multitask learning for medical risk evaluation},
  author={Caruana, Rich and Baluja, Shumeet and Mitchell, Tom},
  booktitle={Advances in neural information processing systems},
  pages={959--965},
  year={1996}
}

@article{yuan2019wave2vec,
  title={Wave2Vec: Deep representation learning for clinical temporal data},
  author={Yuan, Ye and Xun, Guangxu and Suo, Qiuling and Jia, Kebin and Zhang, Aidong},
  journal={Neurocomputing},
  volume={324},
  pages={31--42},
  year={2019},
  publisher={Elsevier}
} 


@article{clermont2001predicting,
  title={Predicting hospital mortality for patients in the intensive care unit: a comparison of artificial neural networks with logistic regression models},
  author={Clermont, Gilles and Angus, Derek C and DiRusso, Stephen M and Griffin, Martin and Linde-Zwirble, Walter T},
  journal={Critical care medicine},
  volume={29},
  number={2},
  pages={291--296},
  year={2001},
  publisher={LWW}
}


@article{Bates_bigdata_2014,
author = {Bates, David W. and Saria, Suchi and Ohno-Machado, Lucila and Shah, Anand and Escobar, Gabriel},
title = {Big Data In Health Care: Using Analytics To Identify And Manage High-Risk And High-Cost Patients},
journal = {Health Affairs},
volume = {33},
number = {7},
pages = {1123-1131},
year = {2014},
}

@article{purushotham2017benchmark,
  title={Benchmark of Deep Learning Models on Large Healthcare MIMIC Datasets},
  author={Purushotham, Sanjay and Meng, Chuizheng and Che, Zhengping and Liu, Yan},
  journal={arXiv preprint arXiv:1710.08531},
  year={2017}
}

@article{che2018recurrent,
  title={Recurrent neural networks for multivariate time series with missing values},
  author={Che, Zhengping and Purushotham, Sanjay and Cho, Kyunghyun and Sontag, David and Liu, Yan},
  journal={Scientific reports},
  volume={8},
  number={1},
  pages={6085},
  year={2018},
  publisher={Nature Publishing Group}
}

@article{tang2018predictive,
  title={Predictive modeling in urgent care: a comparative study of machine learning approaches},
  author={Tang, Fengyi and Xiao, Cao and Wang, Fei and Zhou, Jiayu},
  journal={JAMIA Open},
  year={2018}
}
@article{huang2018empirical,
  title={An Empirical Evaluation of Deep Learning for ICD-9 Code Assignment using MIMIC-III Clinical Notes},
  author={Huang, Jinmiao and Osorio, Cesar and Sy, Luke Wicent},
  journal={arXiv preprint arXiv:1802.02311},
  year={2018}
}
@inproceedings{yang2016predicting,
  title={Predicting 30-day all-cause readmissions from hospital inpatient discharge data},
  author={Yang, Chengliang and Delcher, Chris and Shenkman, Elizabeth and Ranka, Sanjay},
  booktitle={e-Health Networking, Applications and Services (Healthcom), 2016 IEEE 18th International Conference on},
  pages={1--6},
  year={2016},
  organization={IEEE}
}
@online{keras,
   Author={F. Chollet},
   Title={Keras: The Python Deep Learning library},
   Year={2013},
   url={https://keras.io/}
}
@article{lin2018analysis,
  title={Analysis and Prediction of Unplanned Intensive Care Unit Readmission using Recurrent Neural Networks with Long Short-Term Memory},
  author={Lin, Yu-Wei and Zhou, Yuqian and Faghri, Faraz and Shaw, Michael J and Campbell, Roy H},
  journal={bioRxiv},
  pages={385518},
  year={2018},
  publisher={Cold Spring Harbor Laboratory}
}

@article{johnson2016mimic,
  title={MIMIC-III, a freely accessible critical care database},
  author={Johnson, Alistair EW and Pollard, Tom J and Shen, Lu and Li-wei, H Lehman and Feng, Mengling and Ghassemi, Mohammad and Moody, Benjamin and Szolovits, Peter and Celi, Leo Anthony and Mark, Roger G},
  journal={Scientific data},
  volume={3},
  pages={160035},
  year={2016},
  publisher={Nature Publishing Group}
}

@article{farhan2016predictive,
  title={A predictive model for medical events based on contextual embedding of temporal sequences},
  author={Farhan, Wael and Wang, Zhimu and Huang, Yingxiang and Wang, Shuang and Wang, Fei and Jiang, Xiaoqian},
  journal={JMIR medical informatics},
  volume={4},
  number={4},
  year={2016},
  publisher={JMIR Publications Inc.}
}
@article{harutyunyan2017multitask,
  title={Multitask learning and benchmarking with clinical time series data},
  author={Harutyunyan, Hrayr and Khachatrian, Hrant and Kale, David C and Galstyan, Aram},
  journal={arXiv preprint arXiv:1703.07771},
  year={2017}
}
@article{rajkomar2018scalable,
  title={Scalable and accurate deep learning with electronic health records},
  author={Rajkomar, Alvin and Oren, Eyal and Chen, Kai and Dai, Andrew M and Hajaj, Nissan and Hardt, Michaela and Liu, Peter J and Liu, Xiaobing and Marcus, Jake and Sun, Mimi and others},
  journal={npj Digital Medicine},
  volume={1},
  number={1},
  pages={18},
  year={2018},
  publisher={Nature Publishing Group}
}

@article{faust2018deep,
  title={Deep learning for healthcare applications based on physiological signals: a review},
  author={Faust, Oliver and Hagiwara, Yuki and Hong, Tan Jen and Lih, Oh Shu and Acharya, U Rajendra},
  journal={Computer methods and programs in biomedicine},
  year={2018},
  publisher={Elsevier}
}